<marc:record xmlns:marc="http://www.loc.gov/MARC21/slim" xmlns:xsi="http://www.w3.org/2001/XMLSchema-instance" xsi:schemaLocation="http://www.loc.gov/MARC21/slim http://www.loc.gov/standards/marcxml/schema/MARC21slim.xsd">
  <marc:leader>     cam a22002651  4500</marc:leader>
  <marc:controlfield tag="001">001685745</marc:controlfield>
  <marc:controlfield tag="003">NNU</marc:controlfield>
  <marc:controlfield tag="005">20061010173309.0</marc:controlfield>
  <marc:controlfield tag="008">991213s1965    iq            000 0 ararc</marc:controlfield>
  <marc:datafield tag="010" ind1=" " ind2=" ">
    <marc:subfield code="a">ne 66001019</marc:subfield>
  </marc:datafield>
  <marc:datafield tag="035" ind1="9" ind2=" ">
    <marc:subfield code="a">NYUb12229186</marc:subfield>
  </marc:datafield>
  <marc:datafield tag="035" ind1=" " ind2=" ">
    <marc:subfield code="a">(NNU)NYUb12229186</marc:subfield>
  </marc:datafield>
  <marc:datafield tag="040" ind1=" " ind2=" ">
    <marc:subfield code="a">Princeton Univ. Libr.</marc:subfield>
    <marc:subfield code="c">TU</marc:subfield>
    <marc:subfield code="d">TU</marc:subfield>
    <marc:subfield code="d">CU</marc:subfield>
    <marc:subfield code="d">CtY</marc:subfield>
  </marc:datafield>
  <marc:datafield tag="050" ind1=" " ind2="4">
    <marc:subfield code="a">AS589</marc:subfield>
    <marc:subfield code="b">.J82</marc:subfield>
  </marc:datafield>
  <marc:datafield tag="066" ind1=" " ind2=" ">
    <marc:subfield code="c">(3</marc:subfield>
  </marc:datafield>
  <marc:datafield tag="090" ind1=" " ind2=" ">
    <marc:subfield code="a">PJ6011.M27</marc:subfield>
    <marc:subfield code="b">J8</marc:subfield>
  </marc:datafield>
  <marc:datafield tag="100" ind1="1" ind2=" ">
    <marc:subfield code="a">Jubūrī, ʻAbd Allāh</marc:subfield>
    <marc:subfield code="6">01</marc:subfield>
  </marc:datafield>
  <marc:datafield tag="100" ind1="1" ind2=" ">
    <marc:subfield code="6">01</marc:subfield>
    <marc:subfield code="a">جبوري، عبد الله.</marc:subfield>
  </marc:datafield>
  <marc:datafield tag="245" ind1="1" ind2="3">
    <marc:subfield code="6">02</marc:subfield>
    <marc:subfield code="a">al-Majmaʻ al-ʻIlmī al-ʻIrāqī :</marc:subfield>
    <marc:subfield code="b">nashʼatuh, aʻḍāʼuh, aʻmāluh /</marc:subfield>
    <marc:subfield code="c">taʻlīf ʻAbd Allāh al-Jubūrī.</marc:subfield>
  </marc:datafield>
  <marc:datafield tag="245" ind1="1" ind2="2">
    <marc:subfield code="6">02</marc:subfield>
    <marc:subfield code="a">المجمع العلمي العراقي :</marc:subfield>
    <marc:subfield code="b">نشأته، أعضاؤه، أعماله /</marc:subfield>
    <marc:subfield code="c">تأليف عبد الله الجبوري.</marc:subfield>
  </marc:datafield>
  <marc:datafield tag="260" ind1=" " ind2=" ">
    <marc:subfield code="6">03</marc:subfield>
    <marc:subfield code="a">Baghdād :</marc:subfield>
    <marc:subfield code="b">Maṭbaʻat al-ʻĀnī,</marc:subfield>
    <marc:subfield code="c">1965.</marc:subfield>
  </marc:datafield>
  <marc:datafield tag="260" ind1=" " ind2=" ">
    <marc:subfield code="6">03</marc:subfield>
    <marc:subfield code="a">بغداد :</marc:subfield>
    <marc:subfield code="b">مطبعة العاني،</marc:subfield>
    <marc:subfield code="c">1965.</marc:subfield>
  </marc:datafield>
  <marc:datafield tag="300" ind1=" " ind2=" ">
    <marc:subfield code="a">188 p. ;</marc:subfield>
    <marc:subfield code="c">24 cm.</marc:subfield>
  </marc:datafield>
  <marc:datafield tag="500" ind1=" " ind2=" ">
    <marc:subfield code="a">"Quddima hādhā al-kitāb bayna yaday dawrat Majmaʻ al-Lughah al-ʻArabīyah al-munʻaqidah fī Baghdād, 20 Tishrīn al-Thānī, 1960 M"</marc:subfield>
  </marc:datafield>
  <marc:datafield tag="610" ind1="2" ind2="0">
    <marc:subfield code="a">Majmaʻ al-ʻIlmī al-ʻIrāqī.</marc:subfield>
  </marc:datafield>
  <marc:datafield tag="998" ind1=" " ind2=" ">
    <marc:subfield code="a">20010429</marc:subfield>
    <marc:subfield code="d">20010429</marc:subfield>
    <marc:subfield code="d">20010429</marc:subfield>
    <marc:subfield code="n">NNU</marc:subfield>
    <marc:subfield code="s">6</marc:subfield>
    <marc:subfield code="t">c</marc:subfield>
    <marc:subfield code="z">p</marc:subfield>
  </marc:datafield>
</marc:record>
